@article{Akaike1974,
	author = {Akaike, Hirotugu},
	year = {1974},
	title = {A new look at the statistical model identification},
	journal = {IEEE Trans. Automatic Control AC-19},
	pages ={716–723} 
}

@article{astropy:2013,
	Adsnote = {Provided by the SAO/NASA Astrophysics Data System},
	Adsurl = {http://adsabs.harvard.edu/abs/2013A%26A...558A..33A},
	Archiveprefix = {arXiv},
	Author = {{Astropy Collaboration} and {Robitaille}, T.~P. and {Tollerud}, E.~J. and {Greenfield}, P. and {Droettboom}, M. and {Bray}, E. and {Aldcroft}, T. and {Davis}, M. and {Ginsburg}, A. and {Price-Whelan}, A.~M. and {Kerzendorf}, W.~E. and {Conley}, A. and {Crighton}, N. and {Barbary}, K. and {Muna}, D. and {Ferguson}, H. and {Grollier}, F. and {Parikh}, M.~M. and {Nair}, P.~H. and {Unther}, H.~M. and {Deil}, C. and {Woillez}, J. and {Conseil}, S. and {Kramer}, R. and {Turner}, J.~E.~H. and {Singer}, L. and {Fox}, R. and {Weaver}, B.~A. and {Zabalza}, V. and {Edwards}, Z.~I. and {Azalee Bostroem}, K. and {Burke}, D.~J. and {Casey}, A.~R. and {Crawford}, S.~M. and {Dencheva}, N. and {Ely}, J. and {Jenness}, T. and {Labrie}, K. and {Lim}, P.~L. and {Pierfederici}, F. and {Pontzen}, A. and {Ptak}, A. and {Refsdal}, B. and {Servillat}, M. and {Streicher}, O.},
	Doi = {10.1051/0004-6361/201322068},
	Eid = {A33},
	Eprint = {1307.6212},
	Journal = {Astronomy and Astrophysics},
	Keywords = {methods: data analysis, methods: miscellaneous, virtual observatory tools},
	Month = oct,
	Pages = {A33},
	Primaryclass = {astro-ph.IM},
	Title = {{Astropy: A community Python package for astronomy}},
	Volume = 558,
	Year = 2013,
	Bdsk-Url-1 = {https://dx.doi.org/10.1051/0004-6361/201322068}}

@article{astropy:2018,
	Adsnote = {Provided by the SAO/NASA Astrophysics Data System},
	Adsurl = {https://ui.adsabs.harvard.edu/#abs/2018AJ....156..123T},
	Author = {{Price-Whelan}, A.~M. and {Sip{\H{o}}cz}, B.~M. and {G{\"u}nther}, H.~M. and {Lim}, P.~L. and {Crawford}, S.~M. and {Conseil}, S. and {Shupe}, D.~L. and {Craig}, M.~W. and {Dencheva}, N. and {Ginsburg}, A. and {VanderPlas}, J.~T. and {Bradley}, L.~D. and {P{\'e}rez-Su{\'a}rez}, D. and {de Val-Borro}, M. and {Paper Contributors}, (Primary and {Aldcroft}, T.~L. and {Cruz}, K.~L. and {Robitaille}, T.~P. and {Tollerud}, E.~J. and {Coordination Committee}, (Astropy and {Ardelean}, C. and {Babej}, T. and {Bach}, Y.~P. and {Bachetti}, M. and {Bakanov}, A.~V. and {Bamford}, S.~P. and {Barentsen}, G. and {Barmby}, P. and {Baumbach}, A. and {Berry}, K.~L. and {Biscani}, F. and {Boquien}, M. and {Bostroem}, K.~A. and {Bouma}, L.~G. and {Brammer}, G.~B. and {Bray}, E.~M. and {Breytenbach}, H. and {Buddelmeijer}, H. and {Burke}, D.~J. and {Calderone}, G. and {Cano Rodr{\'\i}guez}, J.~L. and {Cara}, M. and {Cardoso}, J.~V.~M. and {Cheedella}, S. and {Copin}, Y. and {Corrales}, L. and {Crichton}, D. and {D{\textquoteright}Avella}, D. and {Deil}, C. and {Depagne}, {\'E}. and {Dietrich}, J.~P. and {Donath}, A. and {Droettboom}, M. and {Earl}, N. and {Erben}, T. and {Fabbro}, S. and {Ferreira}, L.~A. and {Finethy}, T. and {Fox}, R.~T. and {Garrison}, L.~H. and {Gibbons}, S.~L.~J. and {Goldstein}, D.~A. and {Gommers}, R. and {Greco}, J.~P. and {Greenfield}, P. and {Groener}, A.~M. and {Grollier}, F. and {Hagen}, A. and {Hirst}, P. and {Homeier}, D. and {Horton}, A.~J. and {Hosseinzadeh}, G. and {Hu}, L. and {Hunkeler}, J.~S. and {Ivezi{\'c}}, {\v{Z}}. and {Jain}, A. and {Jenness}, T. and {Kanarek}, G. and {Kendrew}, S. and {Kern}, N.~S. and {Kerzendorf}, W.~E. and {Khvalko}, A. and {King}, J. and {Kirkby}, D. and {Kulkarni}, A.~M. and {Kumar}, A. and {Lee}, A. and {Lenz}, D. and {Littlefair}, S.~P. and {Ma}, Z. and {Macleod}, D.~M. and {Mastropietro}, M. and {McCully}, C. and {Montagnac}, S. and {Morris}, B.~M. and {Mueller}, M. and {Mumford}, S.~J. and {Muna}, D. and {Murphy}, N.~A. and {Nelson}, S. and {Nguyen}, G.~H. and {Ninan}, J.~P. and {N{\"o}the}, M. and {Ogaz}, S. and {Oh}, S. and {Parejko}, J.~K. and {Parley}, N. and {Pascual}, S. and {Patil}, R. and {Patil}, A.~A. and {Plunkett}, A.~L. and {Prochaska}, J.~X. and {Rastogi}, T. and {Reddy Janga}, V. and {Sabater}, J. and {Sakurikar}, P. and {Seifert}, M. and {Sherbert}, L.~E. and {Sherwood-Taylor}, H. and {Shih}, A.~Y. and {Sick}, J. and {Silbiger}, M.~T. and {Singanamalla}, S. and {Singer}, L.~P. and {Sladen}, P.~H. and {Sooley}, K.~A. and {Sornarajah}, S. and {Streicher}, O. and {Teuben}, P. and {Thomas}, S.~W. and {Tremblay}, G.~R. and {Turner}, J.~E.~H. and {Terr{\'o}n}, V. and {van Kerkwijk}, M.~H. and {de la Vega}, A. and {Watkins}, L.~L. and {Weaver}, B.~A. and {Whitmore}, J.~B. and {Woillez}, J. and {Zabalza}, V. and {Contributors}, (Astropy},
	Doi = {10.3847/1538-3881/aabc4f},
	Eid = {123},
	Journal = {Astronomical Journal},
	Keywords = {methods: data analysis, methods: miscellaneous, methods: statistical, reference systems, Astrophysics - Instrumentation and Methods for Astrophysics},
	Month = Sep,
	Pages = {123},
	Primaryclass = {astro-ph.IM},
	Title = {{The Astropy Project: Building an Open-science Project and Status of the v2.0 Core Package}},
	Volume = {156},
	Year = 2018,
	Bdsk-Url-1 = {https://doi.org/10.3847/1538-3881/aabc4f}}

@article{Baron2012,
	author = {F. Baron and J. D. Monnier and E. Pedretti and M. Zhao and G. Schaefer and R. Parks and X. Che and N. Thureau and T. A. ten Brummelaar and H. A. McAlister and S. T. Ridgway and C. Farrington and J. Sturmann},
	title = {Imaging the Algol Triple System in the H Band With the Chara Interferometer},
	journal = {The Astrophysical Journal},
	year = {2012},
}

@article{Bitnar2017,
	author = {Bernd Bitnar and Ulrich Waldschläger},
	title = {Spectroscopic study of the mass transfer in the $\beta$ Per binary system},
	journal = {{SPEKTRUM} Mitteilungsblatt der Fachgruppe Spektroskopie	in der Vereinigung der Sternfreunde e.V.},
	year = {2017},
	month = {Jan},
	volume= {52},
	pages={4-9},
	issn={2363}
}

@ARTICLE{BlancoCuaresmaSoubiranHeiter2014,
	author = {{Blanco-Cuaresma}, S. and {Soubiran}, C. and {Heiter}, U. and 
	{Jofr{\'e}}, P.},
	title = "{Determining stellar atmospheric parameters and chemical abundances of FGK stars with iSpec}",
	journal = {Astronomy and Astrophysics},
	archivePrefix = "arXiv",
	eprint = {1407.2608},
	primaryClass = "astro-ph.IM",
	keywords = {stars: atmospheres, stars: abundances, methods: data analysis},
	year = 2014,
	month = sep,
	volume = 569,
	eid = {A111},
	pages = {A111},
	doi = {10.1051/0004-6361/201423945},
	adsurl = {http://adsabs.harvard.edu/abs/2014A%26A...569A.111B},
	adsnote = {Provided by the SAO/NASA Astrophysics Data System}
}

@article{Borkovits2004,
author = {Borkovits, Tamás and Forgács-Dajka, Emese and Regály, Zsolt},
year = {2004},
month = {11},
pages = {951-961},
title = {Tidal and rotational effects in the perturbations of hierarchical triple stellar systems. I. Numerical model and a test application for Algol},
volume = {426},
booktitle = {Astronomy and Astrophysics}
}

@MISC{EsoMidas,
	HOWPUBLISHED = {\url{https://www.eso.org/sci/software/esomidas/doc/index.html}},
	author = {ESO},
	year = {1999},
	title = {{ESO-MIDAS} Documentation},
	note = {Accessed on 2019-02-05}
}

@unpublished{Gerlach2015,
	author = {Enrico Gerlach},
	title = {{H}immelmechanische {B}eschreibung der {O}rientierung von {D}oppelsternsystemen},
	year = {2015},
	note = {unpublished}
}

@book{gray2005,
	title={The Observation and Analysis of Stellar Photospheres},
	author={Gray, D.F.},
	isbn={9780521851862},
	lccn={2006274680},
	url={https://books.google.de/books?id=LfNCXBqZab0C},
	year={2005},
	publisher={Cambridge University Press}
}

@article{Hill1971,
	author = {G. Hill and J.V. Barnes and J.B. Hutchings and J.A. Pearce},
	title = {A Spectroscopic Study of Algol},
	journal = {The Astrophysical Journal},
	year = {1971},
	volume = {168},
	pages = {443-460},
	}

@article{Kolbas2015,
	author = {V. Kolbas and K. Pavlovski and J. Southworth and C.-U. Lee  and D.-J. Lee and J. W. Lee,
		S.-L. Kim and H.-I. Kim and B. Smalley and A. Tkachenko},
	title = {Spectroscopically resolving the Algol triple system},
	journal = {Mon. Not. R. Astron. Soc},
	year = {2015},
}

@inproceedings{Leadbeater2015,
	author = {Robin Leadbeater},
	title = {High Resolution Spectroscopy},
	date = {2015},
	OPTsubtitle = {High precision Radial Velocity Measurement},
}

@article{Liebisch2018,
	author = {Josefine Liebisch},
	title = {{F}otometrische und spektroskopische {L}angzeitbeobachtung des {P}ulsationsveränderlichen $\delta$ {C}ephei},
	journal = {{SPEKTRUM} Mitteilungsblatt der Fachgruppe Spektroskopie	in der Vereinigung der Sternfreunde e.V.},
	year = {2018},
	month = {Feb},
	volume= {54},
	pages={17-19},
	issn={2363}
}

@article{Lobao1994,
author = {Diomar Cesar Lob~ao},
title = {Determination of The Orbital Elements of a Visual Binary Star},
date = {1994},
}

@ARTICLE{Lucy1976,
   author = {{Lucy}, L.~B.},
    title = "{An analysis of the variable radial velocity of alpha Cygni}",
  journal = {Astrophysical Journal},
 keywords = {A Stars, Radial Velocity, Supergiant Stars, Variable Stars, Binary Stars, Orbital Elements, Photographic Plates, Secular Variations, Stellar Mass Ejection},
     year = 1976,
    month = jun,
   volume = 206,
    pages = {499-508},
      doi = {10.1086/154405},
   adsurl = {http://adsabs.harvard.edu/abs/1976ApJ...206..499L},
  adsnote = {Provided by the SAO/NASA Astrophysics Data System}
}

@article{Marsh1988,
	author = {T.R. Marsh and Keith Horne},
	title = {Images of Accretion Discs - II. Doppler Tomography},
	journal = {Mon. Not. R. Astron. Soc},
	year = {1988},
	volume = {235},
	pages = {269-286},
}

@ARTICLE{Marsh1989,
   author = {{Marsh}, T.~R.},
    title = "{The extraction of highly distorted spectra}",
  journal = {\pasp},
 keywords = {Astronomical Spectroscopy, Data Reduction, Point Sources, Charge Coupled Devices, Pixels, Signal To Noise Ratios},
     year = 1989,
    month = nov,
   volume = 101,
    pages = {1032-1037},
      doi = {10.1086/132570},
   adsurl = {http://adsabs.harvard.edu/abs/1989PASP..101.1032M},
  adsnote = {Provided by the SAO/NASA Astrophysics Data System}
}


@inproceedings{Marsh2001,
   author = {{Marsh}, T.~R.},
    title = "{Doppler Tomography}",
booktitle = {Astrotomography, Indirect Imaging Methods in Observational Astronomy},
     year = 2001,
   series = {Lecture Notes in Physics, Berlin Springer Verlag},
   volume = 573,
   eprint = {astro-ph/0011020},
   editor = {{Boffin}, H.~M.~J. and {Steeghs}, D. and {Cuypers}, J.},
    pages = {1},
   adsurl = {http://adsabs.harvard.edu/abs/2001LNP...573....1M},
  adsnote = {Provided by the SAO/NASA Astrophysics Data System}
}



@Article{Marsh2005,
	author="Marsh, T. R.",
	title="Doppler Tomography",
	journal="Astrophysics and Space Science",
	year="2005",
	volume="296",
	number="1",
	pages="403--415",
	issn="1572-946X",
	doi="10.1007/s10509-005-4859-3",
	url="http://dx.doi.org/10.1007/s10509-005-4859-3"
}

@article{McLaughlin1924,
	author = {Dean B. McLaughlin},
	title = {Some Results of the Spectroscopic Study of the Algol System},
	journal = {American Astronomical Society, Provided by the NASA, etc.},
	year = {1924},
}

@Misc{numpy,
	author =    {Travis Oliphant},
	title =     {{NumPy}: A guide to {NumPy}},
	year =      {2006--},
	howpublished = {USA: Trelgol Publishing},
	url = "http://www.numpy.org/",
	note = {Accessed on 2019-02-08}
}

@article{Pollux2010,
	title= {POLLUX : a database of synthetic stellar spectra},
	author = {A. Palacios and M. Gebran and E. Josselin and F. Martins and B. Plez and M. Belmas and A. Lebre},
	year = {2010},
	month = {march},
	url = {https://arxiv.org/abs/1003.4682},
	abstract = {
Synthetic spectra are needed to determine fundamental stellar and wind parameters of all types of stars. They are also used for the construction of theoretical spectral libraries helpful for stellar population synthesis. Therefore, a database of theoretical spectra is required to allow rapid and quantitative comparisons to spectroscopic data. We provide such a database offering an unprecedented coverage of the entire Hertzsprung-Russell diagram. We present the POLLUX database of synthetic stellar spectra. For objects with Teff < 6 000 K, MARCS atmosphere models are computed and the program TURBOSPECTRUM provides the synthetic spectra. ATLAS12 models are computed for stars with 7 000 K <Teff <15 000 K. SYNSPEC gives the corresponding spectra. Finally, the code CMFGEN provides atmosphere models for the hottest stars (Teff > 25 000 K). Their spectra are computed with CMF_FLUX. Both high resolution (R>150 000) optical spectra in the range 3 000 to 12 000 A and spectral energy distributions extending from the UV to near--IR ranges are presented. These spectra cover the HR diagram at solar metallicity. We propose a wide variety of synthetic spectra for various types of stars in a format that is compliant with the Virtual Observatory standards. A user--friendly web interface allows an easy selection of spectra and data retrieval. Upcoming developments will include an extension to a large range of metallicities and to the near--IR high resolution spectra, as well as a better coverage of the HR diagram, with the inclusion of models for Wolf-Rayet stars and large datasets for cool stars. The POLLUX database is accessible at this http URL and through the Virtual Observatory. },
}

@PHDTHESIS{Payne1925,
   author = {{Payne}, C.~H.},
    title = "{Stellar Atmospheres; a Contribution to the Observational Study of High Temperature in the Reversing Layers of Stars.}",
   school = {RADCLIFFE COLLEGE.},
     year = 1925,
   adsurl = {http://adsabs.harvard.edu/abs/1925PhDT.........1P},
  adsnote = {Provided by the SAO/NASA Astrophysics Data System}
}

@ARTICLE{Richards1993,
   author = {{Richards}, M.~T.},
    title = "{Circumstellar material in Algol - A study of the Balmer line profiles}",
  journal = {Astrophysical Journal, Supplement},
 keywords = {Balmer Series, Binary Stars, Gas Streams, Stellar Envelopes, Stellar Spectra, Stellar Temperature, Accretion Disks, H Alpha Line, H Ii Regions, Stellar Orbits},
     year = 1993,
    month = may,
   volume = 86,
    pages = {255-291},
      doi = {10.1086/191778},
   adsurl = {http://adsabs.harvard.edu/abs/1993ApJS...86..255R},
  adsnote = {Provided by the SAO/NASA Astrophysics Data System}
}


@article{Richards1996,
	author = {Mercedes T. Richards and Robert D. Jones and Melanie A. Swain},
	title = {Doppler Tomography and S-Wave Analysis of Circumstellar Gas in $\beta$-Persei},
	journal = {The Astrophysical Journal},
	year = {1996},
	volume = {459},
	pages = {249-258},
}

@ARTICLE{Richardson2011,
   author = {{Richardson}, N.~D. and {Morrison}, N.~D. and {Kryukova}, E.~E. and 
	{Adelman}, S.~J.},
    title = "{A Five-year Spectroscopic and Photometric Campaign on the Prototypical {$\alpha$} Cygni Variable and A-type Supergiant Star Deneb}",
  journal = {Astronomical Journal},
archivePrefix = "arXiv",
   eprint = {1009.5994},
 primaryClass = "astro-ph.SR",
 keywords = {stars: early-type, stars: individual: Deneb, stars: mass-loss, stars: variables: general, supergiants },
     year = 2011,
    month = jan,
   volume = 141,
      eid = {17},
    pages = {17},
      doi = {10.1088/0004-6256/141/1/17},
   adsurl = {http://adsabs.harvard.edu/abs/2011AJ....141...17R},
  adsnote = {Provided by the SAO/NASA Astrophysics Data System}
}

@article{Richards2004,
	author = {M.T. Richards},
	title = {Doppler tomography of Algols},
	journal = {Astron. Nachr. / AN},
	year = {2004},
	volume = {325},
	number = {3},
	pages = {229–232},
}

@article{Richards2012,
  author={Mercedes T. Richards and Michail I. Agafonov and Olga I. Sharova},
  title={New Evidence of Magnetic Interactions between Stars from Three-dimensional Doppler Tomography of Algol Binaries: β PER and RS VUL},
  journal={The Astrophysical Journal},
  volume={760},
  number={1},
  pages={8},
  url={http://stacks.iop.org/0004-637X/760/i=1/a=8},
  year={2012},
  abstract={Time-resolved Hα spectra of magnetically active interacting binaries have been used to create three-dimensional (3D) Doppler tomograms by means of the Radioastronomical Approach. This is the first 3D reconstruction of β Per, with RS Vul for comparison. These 3D tomograms have revealed evidence of the mass transfer process (gas stream, circumprimary emission, localized region, absorption zone), as well as loop prominences and coronal mass ejections (CMEs) in β Per and RS Vul that could not be discovered from two-dimensional tomograms alone. The gas stream in both binaries may have been deflected beyond the central plane by the donor star's magnetic field. The stream was more elongated along the predicted trajectory in RS Vul than in β Per, but not as pronounced as in U CrB (stream state). The loop prominence reached maximum V z velocities of ±155 km s –1 in RS Vul compared to ±120 km s –1 in β Per, while the CME reached a maximum V z velocity of +150 km s –1 in RS Vul and +100 km s –1 in β Per. The 3D tomograms show that the gas flows are not symmetric relative to the central plane and are not confined to that plane, a result confirmed by recent 15 GHz VLBI radio images of β Per. Both the 3D Hα tomography and the VLBI radio images support an earlier prediction of the superhump phenomenon in β Per: that the gas between the stars is threaded with a magnetic field even though the hot B8V mass-gaining star is not known to have a magnetic field.}
}

@inproceedings{Schanne2008,
	author = {Lothar Schanne},
	title = {Die Bestimmung der Bahnelemente von Mizar A durch Messung der Radialgeschwindigkeitskurven beider Komponenten},
	date = {2008},
}

@book{SablowskiSchanne2018,
	author = {Daniel Sablowski and Lothar Schanne},
	title = {Astrophysikalische Instrumentierung und Messtechnik für die Spektroskopie},
	year = {2018},
}

@article{Skoda2007,
	author = {Petr Škoda},
	title = {Common Methods of Stella Spectra Analysis and theit Support in VO},
	date = {2007},
	institution = {Astronomical Institute of the Academy of Sciences of the Czech Republic, v.v.i.},
}

@article{schiller2007,
	author = {F. Schiller and N. Przybilla},
	title = {Quantitative spectroscopy of Deneb},
	date = {2007},
}

@article{Simon1994,
	author = {K. P. Simon and E. Sturm},
	title = {Disentangling of composite spectra},
	journaltitle = {Astronomy and Astrophysics},
	date = {1994},
}

@ARTICLE{Simbad,
	author = {{Wenger}, M. and {Ochsenbein}, F. and {Egret}, D. and {Dubois}, P. and 
	{Bonnarel}, F. and {Borde}, S. and {Genova}, F. and {Jasniewicz}, G. and 
	{Lalo{\"e}}, S. and {Lesteven}, S. and {Monier}, R.},
	title = "{The SIMBAD astronomical database. The CDS reference database for astronomical objects}",
	journal = {Astrophysics and Space Science},
	eprint = {astro-ph/0002110},
	keywords = {ASTRONOMICAL DATA BASES: MISCELLANEOUS, CATALOGS},
	year = 2000,
	month = apr,
	volume = 143,
	pages = {9-22},
	doi = {10.1051/aas:2000332},
	adsurl = {http://adsabs.harvard.edu/abs/2000A%26AS..143....9W},
	adsnote = {Provided by the SAO/NASA Astrophysics Data System}
}


@MISC{DesnouxVSpecTutorial,
	HOWPUBLISHED = {\url{http://www.astrosurf.com/vdesnoux/tutorial.html}},
	author = {Valérie Desnoux},
	title = {{Visual Spec} Tutorial},
	note = {Accessed on 2019-02-05}
}

@article{Vesper2001,
	author = {David Vesper and Kent Honeycutt and and Thomas Hunt},
	title = {Survey of H$\alpha$ Mass Transfer Structures in Classical Algol-Type Binaries},
	journal = {The Astronomical Journal},
	year = {2001},
	volume = {121},
	pages = {2723-2736},
}

@PHDTHESIS{Weber2004,
	author = {Michael Weber},
	title = {Measuring differential rotation on long-period active stars},
	institution = {Astrophysikalisches Institut Potsdam},
	date = {2004},
}

@ARTICLE{Zavala2010,
   author = {{Zavala}, R.~T. and {Hummel}, C.~A. and {Boboltz}, D.~A. and 
	{Ojha}, R. and {Shaffer}, D.~B. and {Tycner}, C. and {Richards}, M.~T. and 
	{Hutter}, D.~J.},
    title = "{The Algol Triple System Spatially Resolved at Optical Wavelengths}",
  journal = {The Astrophysical Journal Letters},
archivePrefix = "arXiv",
   eprint = {1005.0626},
 primaryClass = "astro-ph.SR",
 keywords = {astrometry, binaries: eclipsing, stars: individual: Algol, techniques: interferometric},
     year = 2010,
    month = may,
   volume = 715,
    pages = {L44-L48},
      doi = {10.1088/2041-8205/715/1/L44},
   adsurl = {http://adsabs.harvard.edu/abs/2010ApJ...715L..44Z},
  adsnote = {Provided by the SAO/NASA Astrophysics Data System}
}
